<record><leader>00000cas a2200000 i 4500</leader><controlfield tag="001">986241602</controlfield><controlfield tag="008">170509d192u1931ncucr ne      0    0eng c</controlfield><datafield ind1=" " ind2=" " tag="010"><subfield code="a">  2017236973</subfield></datafield><datafield ind1=" " ind2=" " tag="040"><subfield code="a">NOC</subfield><subfield code="b">eng</subfield><subfield code="e">rda</subfield><subfield code="c">NOC</subfield><subfield code="d">NOC</subfield><subfield code="d">OCLCF</subfield><subfield code="d">OCLCO</subfield></datafield><datafield ind1=" " ind2=" " tag="042"><subfield code="a">pcc</subfield></datafield><datafield ind1=" " ind2=" " tag="043"><subfield code="a">n-us-nc</subfield></datafield><datafield ind1="0" ind2="4" tag="245"><subfield code="a">The herald of the Twin Cities, Roanoke Rapids, Rosemary.</subfield></datafield><datafield ind1=" " ind2="1" tag="264"><subfield code="a">Roanoke Rapids, Rosemary, N.C. :</subfield><subfield code="b">Herald Pub. Co.</subfield></datafield><datafield ind1=" " ind2=" " tag="300"><subfield code="a">volumes</subfield></datafield><datafield ind1=" " ind2=" " tag="310"><subfield code="a">Weekly</subfield></datafield><datafield ind1=" " ind2=" " tag="336"><subfield code="a">text</subfield><subfield code="b">txt</subfield><subfield code="2">rdacontent</subfield></datafield><datafield ind1=" " ind2=" " tag="337"><subfield code="a">unmediated</subfield><subfield code="b">n</subfield><subfield code="2">rdamedia</subfield></datafield><datafield ind1=" " ind2=" " tag="338"><subfield code="a">volume</subfield><subfield code="b">nc</subfield><subfield code="2">rdacarrier</subfield></datafield><datafield ind1=" " ind2=" " tag="588"><subfield code="a">Description based on: Volume 15, number 9 (June 13th, 1929); title from masthead</subfield></datafield><datafield ind1=" " ind2=" " tag="588"><subfield code="a">Latest issue consulted: Volume 17, number 10 (June 18th, 1931).</subfield></datafield><datafield ind1=" " ind2="0" tag="651"><subfield code="a">Roanoke Rapids (N.C.)</subfield><subfield code="v">Newspapers.</subfield></datafield><datafield ind1=" " ind2="0" tag="651"><subfield code="a">Halifax County (N.C.)</subfield><subfield code="v">Newspapers.</subfield></datafield><datafield ind1=" " ind2="7" tag="655"><subfield code="a">Newspapers.</subfield><subfield code="2">fast</subfield><subfield code="0">(OCoLC)fst01423814</subfield></datafield><datafield ind1=" " ind2="7" tag="651"><subfield code="a">North Carolina</subfield><subfield code="z">Halifax County.</subfield><subfield code="2">fast</subfield><subfield code="0">(OCoLC)fst01204887</subfield></datafield><datafield ind1=" " ind2="7" tag="651"><subfield code="a">North Carolina</subfield><subfield code="z">Roanoke Rapids.</subfield><subfield code="2">fast</subfield><subfield code="0">(OCoLC)fst01220065</subfield></datafield><datafield ind1=" " ind2=" " tag="752"><subfield code="a">United States</subfield><subfield code="b">North Carolina</subfield><subfield code="c">Halifax</subfield><subfield code="d">Roanoke Rapids</subfield></datafield><datafield ind1="0" ind2="8" tag="776"><subfield code="i">Online version</subfield><subfield code="t">Herald of the Twin Cities, Roanoke Rapids, Rosemary.</subfield></datafield><datafield ind1="0" ind2="0" tag="780"><subfield code="a">Roanoke Rapids herald</subfield><subfield code="w">(DLC)sn 91068748</subfield><subfield code="w">(OCoLC)24893230</subfield></datafield><datafield ind1="0" ind2="0" tag="785"><subfield code="a">Roanoke Rapids herald (1931)</subfield><subfield code="w">(DLC)  2017236974</subfield><subfield code="w">(OCoLC)986241625</subfield></datafield></record>